@inproceedings{eyal2016bitcoin,
  title={Bitcoin-NG: A Scalable Blockchain Protocol.},
  author={Eyal, Ittay and Gencer, Adem Efe and Sirer, Emin G{\"u}n and Van Renesse, Robbert},
  booktitle={NSDI},
  pages={45--59},
  year={2016}
}